<?xml version="1.0" encoding="UTF-8"?><collection xmlns="http://www.loc.gov/MARC21/slim"><record><leader>00333nam--2200121-i-4500</leader><controlfield tag="001">000034894</controlfield><controlfield tag="002">20161230</controlfield><controlfield tag="005">20161230201040</controlfield><controlfield tag="008">060222s1000------------r-----000-0-eng-d</controlfield><datafield ind1=" " ind2=" " tag="100"><subfield code="a">Naimark, George M</subfield></datafield><datafield ind1=" " ind2=" " tag="245"><subfield code="a">A patent manual for scientist and engineers</subfield></datafield><datafield ind1=" " ind2=" " tag="260"><subfield code="a">Springfield, Charles C.Thomas Publ, 1961. Xv + 108p</subfield></datafield><datafield ind1=" " ind2=" " tag="852"><subfield code="a">17622</subfield></datafield></record></collection>